<record><leader>00000cas a22000007a 4500</leader><controlfield tag="001">17275925</controlfield><controlfield tag="008">871221d18uu1873aluwr ne      0    0eng d</controlfield><datafield ind1=" " ind2=" " tag="010"><subfield code="a">sn 87050395 </subfield></datafield><datafield ind1=" " ind2=" " tag="040"><subfield code="a">AAR</subfield><subfield code="b">eng</subfield><subfield code="c">AAR</subfield><subfield code="d">CPN</subfield><subfield code="d">OCLCQ</subfield></datafield><datafield ind1=" " ind2=" " tag="042"><subfield code="a">msc</subfield></datafield><datafield ind1="0" ind2="4" tag="245"><subfield code="a">The Bigbee news.</subfield></datafield><datafield ind1=" " ind2=" " tag="260"><subfield code="a">Demopolis, Ala. :</subfield><subfield code="b">M.C. Burke</subfield></datafield><datafield ind1=" " ind2=" " tag="310"><subfield code="a">Weekly</subfield></datafield><datafield ind1="0" ind2=" " tag="362"><subfield code="a">-v. 4, no. 47 (Apr. 26, 1873).</subfield></datafield><datafield ind1=" " ind2=" " tag="588"><subfield code="a">Description based on: Vol. 4, no. 10 (Aug. 10, 1872).</subfield></datafield><datafield ind1=" " ind2=" " tag="752"><subfield code="a">United States</subfield><subfield code="b">Alabama</subfield><subfield code="c">Marengo</subfield><subfield code="d">Demopolis.</subfield></datafield><datafield ind1="0" ind2="0" tag="785"><subfield code="t">Marengo news-journal</subfield><subfield code="w">(DLC)sn 84023474</subfield></datafield><datafield ind1="1" ind2=" " tag="029"><subfield code="a">AU@</subfield><subfield code="b">000025823283</subfield></datafield></record>